@article{ait2007maximum,
  title={Maximum likelihood estimation of stochastic volatility models},
  author={A{\"\i}t-Sahalia, Yacine and Kimmel, Robert},
  journal={Journal of financial economics},
  volume={83},
  number={2},
  pages={413--452},
  year={2007},
  publisher={Elsevier}
}

@article{andrieu2010particle,
  title={Particle markov chain monte carlo methods},
  author={Andrieu, Christophe and Doucet, Arnaud and Holenstein, Roman},
  journal={Journal of the Royal Statistical Society Series B: Statistical Methodology},
  volume={72},
  number={3},
  pages={269--342},
  year={2010},
  publisher={Oxford University Press}
}

@article{arulampalam2002tutorial,
  title={A tutorial on particle filters for online nonlinear/non-Gaussian Bayesian tracking},
  author={Arulampalam, M Sanjeev and Maskell, Simon and Gordon, Neil and Clapp, Tim},
  journal={IEEE Transactions on signal processing},
  volume={50},
  number={2},
  pages={174--188},
  year={2002},
  publisher={Ieee}
}

@article{black1973pricing,
  title={The pricing of options and corporate liabilities},
  author={Black, Fischer and Scholes, Myron},
  journal={Journal of political economy},
  volume={81},
  number={3},
  pages={637--654},
  year={1973},
  publisher={The University of Chicago Press}
}

@article{chib2002markov,
  title={Markov chain Monte Carlo methods for stochastic volatility models},
  author={Chib, Siddhartha and Nardari, Federico and Shephard, Neil},
  journal={Journal of Econometrics},
  volume={108},
  number={2},
  pages={281--316},
  year={2002},
  publisher={Elsevier}
}

@article{chib2006analysis,
  title={Analysis of high dimensional multivariate stochastic volatility models},
  author={Chib, Siddhartha and Nardari, Federico and Shephard, Neil},
  journal={Journal of Econometrics},
  volume={134},
  number={2},
  pages={341--371},
  year={2006},
  publisher={Elsevier}
}

@article{chopin2013smc2,
  title={SMC2: an efficient algorithm for sequential analysis of state space models},
  author={Chopin, Nicolas and Jacob, Pierre E and Papaspiliopoulos, Omiros},
  journal={Journal of the Royal Statistical Society Series B: Statistical Methodology},
  volume={75},
  number={3},
  pages={397--426},
  year={2013},
  publisher={Oxford University Press}
}

@article{derman1994riding,
  title={Riding on a smile},
  author={Derman, Emanuel and Kani, Iraj},
  journal={Risk},
  volume={7},
  number={2},
  pages={32--39},
  year={1994}
}

@book{doucet2001sequential,
  title={Sequential Monte Carlo methods in practice},
  author={Doucet, Arnaud and De Freitas, Nando and Gordon, Neil James and others},
  volume={1},
  number={2},
  year={2001},
  publisher={Springer}
}

@article{heston1993closed,
  title={A closed-form solution for options with stochastic volatility with applications to bond and currency options},
  author={Heston, Steven L},
  journal={The review of financial studies},
  volume={6},
  number={2},
  pages={327--343},
  year={1993},
  publisher={Oxford University Press}
}


@article{ionides2006inference,
  title={Inference for nonlinear dynamical systems},
  author={Ionides, Edward L and Bret{\'o}, Carles and King, Aaron A},
  journal={Proceedings of the National Academy of Sciences},
  volume={103},
  number={49},
  pages={18438--18443},
  year={2006},
  publisher={National Academy of Sciences}
}

@article{ionides2011iterated,
  title={Iterated filtering},
  author={Ionides, Edward L and Bhadra, Anindya and Atchad{\'e}, Yves and King, Aaron},
  journal={The Annals of Statistics},
  pages={1776--1802},
  year={2011},
  publisher={JSTOR}
}

@article{ionides2015inference,
  title={Inference for dynamic and latent variable models via iterated, perturbed Bayes maps},
  author={Ionides, Edward L and Nguyen, Dao and Atchad{\'e}, Yves and Stoev, Stilian and King, Aaron A},
  journal={Proceedings of the National Academy of Sciences},
  volume={112},
  number={3},
  pages={719--724},
  year={2015},
  publisher={National Academy of Sciences}
}

@article{jonschkowski2018differentiable,
  title={Differentiable particle filters: End-to-end learning with algorithmic priors},
  author={Jonschkowski, Rico and Rastogi, Divyam and Brock, Oliver},
  journal={arXiv preprint arXiv:1805.11122},
  year={2018}
}

@article{king2008inapparent,
  title={Inapparent infections and cholera dynamics},
  author={King, Aaron A and Ionides, Edward L and Pascual, Mercedes and Bouma, Menno J},
  journal={Nature},
  volume={454},
  number={7206},
  pages={877--880},
  year={2008},
  publisher={Nature Publishing Group UK London}
}

@article{king2016statistical,
  title={Statistical inference for partially observed Markov processes via the R package pomp},
  author={King, Aaron A and Nguyen, Dao and Ionides, Edward L},
  journal={Journal of Statistical Software},
  volume={69},
  pages={1--43},
  year={2016}
}

@article{kitagawa1987non,
  title={Non-gaussian stateâ€”space modeling of nonstationary time series},
  author={Kitagawa, Genshiro},
  journal={Journal of the American statistical association},
  volume={82},
  number={400},
  pages={1032--1041},
  year={1987},
  publisher={Taylor \& Francis}
}

@article{li2024inference,
  title={Inference on spatiotemporal dynamics for coupled biological populations},
  author={Li, Jifan and Ionides, Edward L and King, Aaron A and Pascual, Mercedes and Ning, Ning},
  journal={Journal of the Royal Society Interface},
  volume={21},
  number={216},
  pages={20240217},
  year={2024},
  publisher={The Royal Society}
}

@inproceedings{naesseth2018variational,
  title={Variational sequential monte carlo},
  author={Naesseth, Christian and Linderman, Scott and Ranganath, Rajesh and Blei, David},
  booktitle={International conference on artificial intelligence and statistics},
  pages={968--977},
  year={2018},
  organization={PMLR}
}

@article{rall1996introduction,
  title={An introduction to automatic differentiation},
  author={Rall, Louis B and Corliss, George F},
  journal={Computational Differentiation: Techniques, Applications, and Tools},
  volume={89},
  pages={1--18},
  year={1996},
  publisher={SIAM Philadelphia, PA}
}

@article{subramanian2021quantifying,
  title={Quantifying asymptomatic infection and transmission of COVID-19 in New York City using observed cases, serology, and testing capacity},
  author={Subramanian, Rahul and He, Qixin and Pascual, Mercedes},
  journal={Proceedings of the National Academy of Sciences},
  volume={118},
  number={9},
  pages={e2019716118},
  year={2021},
  publisher={National Academy of Sciences}
}

@unpublished{sunmodel,
  title={Model Based Inference of Stochastic Volatility via Iterated Filtering},
  author={Sun, Weizhe},
  year={2024},
  note={Undergraduate Honors Thesis}
}

@article{szczepocki2020application,
  title={Application of iterated filtering to stochastic volatility models based on non-Gaussian Ornstein-Uhlenbeck process},
  author={Szczepocki, Piotr},
  journal={Statistics in Transition. New Series},
  volume={21},
  number={2},
  pages={173--187},
  year={2020},
  publisher={G{\l}{\'o}wny Urz{\k{a}}d Statystyczny}
}

@unpublished{tandifferentiable,
  title={Differentiable Plug-And-Play Particle Filtering},
  author={Tan, Kevin},
  year={2023},
  note={Undergraduate Honors Thesis}
}

@article{tan2024accelerated,
  title={Accelerated Inference for Partially Observed Markov Processes using Automatic Differentiation},
  author={Tan, Kevin and Hooker, Giles and Ionides, Edward L},
  journal={arXiv preprint arXiv:2407.03085},
  year={2024}
}

@article{verma2000introduction,
  title={An introduction to automatic differentiation},
  author={Verma, Arun},
  journal={Current Science},
  pages={804--807},
  year={2000},
  publisher={JSTOR}
}

@article{wheeler2024informing,
  title={Informing policy via dynamic models: Cholera in Haiti},
  author={Wheeler, Jesse and Rosengart, AnnaElaine and Jiang, Zhuoxun and Tan, Kevin and Treutle, Noah and Ionides, Edward L},
  journal={PLOS Computational Biology},
  volume={20},
  number={4},
  pages={e1012032},
  year={2024},
  publisher={Public Library of Science San Francisco, CA USA}
}